@misc{falkirkcensus,
author = {Falkirk Council},
title = {Settlement population estimates},
howpublished = {\url{https://www.falkirk.gov.uk/services/council-democracy/statistics-census/docs/census/2011/6%20Settlement%20Population%20and%20Household%20Estimates.pdf?v=201406020914}},
month = {11},
year = {2013}
}
	
@misc{grangemouthenvironment,
author = {Falkirk Council},
title = {Environmental Baseline Report},
howpublished = {\url{https://www.falkirk.gov.uk/services/planning-building/planning-policy/local-development-plan/docs/strategic-environmental-assessment/revised-environmental-report/1%20REP%20Appendix%201%20-%20Environmental%20Baseline%20Report.pdf?v=201406231453}},
month = {04},
year = {2013}
}

@misc{port,
author = {},
title = {Port of Grangemouth},
howpublished = {\url{https://forthports.co.uk/grangemouth/}},
month = {},
year = {}
}

@misc{fhavondale,
author = {Falkirk Herald},
title = {Good weather leads to complaints about Polmont landfill site},
howpublished = {\url{http://www.falkirkherald.co.uk/news/environment/good-weather-leads-to-complaints-about-polmont-landfill-site-1-2216703}},
month = {04},
year = {2012}
}

@Article{humansubjectsbigdata,
author = {Jacob Metcalf, Kate Crawford},
title = {Where are Human Subjects in Big Data Research? The Emerging Ethics Divided},
howpublished = {\url{https://papers.ssrn.com/sol3/papers.cfm?abstract_id=2779647}},
month = {05},
year = {2016}
}

@Article{crisisdata,
author = {Kate Crawford, Megan Finn},
title = {The limits of crisis data: analytical and ethical challenges
of using social and mobile data to understand disasters},
month = {11},
year = {2014}
}

@misc{ethicsguide,
author = {Dr. Leanne Townsend, Prof. Claire Wallace},
title = {Social Media Research: A Guide to Ethics},
howpublished = {\url{http://www.gla.ac.uk/media/media_487729_en.pdf}}
}

@misc{reuterssandy,
author = {Gerry Shih},
title = {Over 20 million tweets sent as Sandy struck},
howpublished = {\url{http://in.reuters.com/article/storm-sandy-twitter-idINDEE8A10AX20121102}},
month = {11},
year = {2012}
}

@Article{earthquakes,
author = {Paul S. Earle, Daniel C. Bowden, Michelle Guy},
title = {Twitter earthquake detection: earthquake monitoring in a social world},
howpublished = {\url{http://www.annalsofgeophysics.eu/index.php/annals/article/view/5364}},
month = {10},
year = {2014}
}

@Article{haiti,
author = {Dugdale, J., Van de Walle, B., & Koeppinghoff C.},
title = {Social media and SMS in the Haiti Earthquake},
howpublished = {\url{https://www.researchgate.net/publication/241624291_Social_media_and_SMS_in_the_Haiti_Earthquake}},
month = {04},
year = {2012}
}
